@article{asness2013value,
  title={Value and momentum everywhere},
  author={Asness, Clifford S and Moskowitz, Tobias J and Pedersen, Lasse Heje},
  journal={The Journal of Finance},
  volume={68},
  number={3},
  pages={929--985},
  year={2013},
  publisher={Wiley Online Library}
}
@article{jegadeesh2011momentum,
  title={Momentum},
  author={Jegadeesh, Narasimhan and Titman, Sheridan},
  journal={Annu. Rev. Financ. Econ.},
  volume={3},
  number={1},
  pages={493--509},
  year={2011},
  publisher={Annual Reviews}
}
@article{jegadeesh2001profitability,
  title={Profitability of momentum strategies: An evaluation of alternative explanations},
  author={Jegadeesh, Narasimhan and Titman, Sheridan},
  journal={The Journal of finance},
  volume={56},
  number={2},
  pages={699--720},
  year={2001},
  publisher={Wiley Online Library}
}
@article{conrad1998anatomy,
  title={An anatomy of trading strategies},
  author={Conrad, Jennifer and Kaul, Gautam},
  journal={The Review of Financial Studies},
  volume={11},
  number={3},
  pages={489--519},
  year={1998},
  publisher={Oxford University Press}
}
@article{grobystextordfeminine1currency,
  title={Is currency momentum driven by global economic risk?},
  author={Grobys{\textordfeminine}$^1$, Klaus and Heinonenáµ‡$^1$, Jari-Pekka and Kolari, James}
}
@article{menkhoff2012currency,
  title={Currency momentum strategies},
  author={Menkhoff, Lukas and Sarno, Lucio and Schmeling, Maik and Schrimpf, Andreas},
  journal={Journal of Financial Economics},
  volume={106},
  number={3},
  pages={660--684},
  year={2012},
  publisher={Elsevier}
}
@article{menkhoff2012carry,
  title={Carry trades and global foreign exchange volatility},
  author={Menkhoff, Lukas and Sarno, Lucio and Schmeling, Maik and Schrimpf, Andreas},
  journal={The Journal of Finance},
  volume={67},
  number={2},
  pages={681--718},
  year={2012},
  publisher={Wiley Online Library}
}
@article{moskowitz2012time,
  title={Time series momentum},
  author={Moskowitz, Tobias J and Ooi, Yao Hua and Pedersen, Lasse Heje},
  journal={Journal of financial economics},
  volume={104},
  number={2},
  pages={228--250},
  year={2012},
  publisher={Elsevier}
}
@article{okunev2003momentum,
  title={Do momentum-based strategies still work in foreign currency markets?},
  author={Okunev, John and White, Derek},
  journal={Journal of Financial and Quantitative Analysis},
  volume={38},
  number={2},
  pages={425--447},
  year={2003},
  publisher={Cambridge University Press}
}
@article{asness2014fact,
  title={Fact, fiction, and momentum investing},
  author={Asness, Clifford and Frazzini, Andrea and Israel, Ronen and Moskowitz, Tobias},
  journal={The Journal of Portfolio Management},
  volume={40},
  number={5},
  pages={75--92},
  year={2014},
  publisher={Institutional Investor Journals Umbrella}
}
@article{rouwenhorst1998international,
  title={International momentum strategies},
  author={Rouwenhorst, K Geert},
  journal={The journal of finance},
  volume={53},
  number={1},
  pages={267--284},
  year={1998},
  publisher={Wiley Online Library}
}
@article{hurst2017century,
  title={A century of evidence on trend-following investing},
  author={Hurst, Brian and Ooi, Yao Hua and Pedersen, Lasse Heje},
  journal={The Journal of Portfolio Management},
  volume={44},
  number={1},
  pages={15--29},
  year={2017},
  publisher={Institutional Investor Journals Umbrella}
}
@article{geczy2017two,
  title={Two centuries of multi-asset momentum (equities, bonds, currencies, commodities, sectors and stocks)},
  author={Geczy, Christopher and Samonov, Mikhail},
  journal={Available at SSRN 2607730},
  year={2017}
}
@article{hurst2017century,
  title={A century of evidence on trend-following investing},
  author={Hurst, Brian and Ooi, Yao Hua and Pedersen, Lasse Heje},
  journal={The Journal of Portfolio Management},
  volume={44},
  number={1},
  pages={15--29},
  year={2017},
  publisher={Institutional Investor Journals Umbrella}
}
@article{asness2013value,
  title={Value and momentum everywhere},
  author={Asness, Clifford S and Moskowitz, Tobias J and Pedersen, Lasse Heje},
  journal={The Journal of Finance},
  volume={68},
  number={3},
  pages={929--985},
  year={2013},
  publisher={Wiley Online Library}
}
@article{filippou2018global,
  title={Global political risk and currency momentum},
  author={Filippou, Ilias and Gozluklu, Arie E and Taylor, Mark P},
  journal={Journal of Financial and Quantitative Analysis},
  volume={53},
  number={5},
  pages={2227--2259},
  year={2018},
  publisher={Cambridge University Press}
}
@article{hu2021emerging,
  title={Emerging Markets Redefined: Comprehensive Measurement and Future Prospects},
  author={Hu, Biliang and Tang, Xing and Yin, Lin and Liu, Qian},
  journal={Global Journal of Emerging Market Economies},
  volume={13},
  number={2},
  pages={165--191},
  year={2021},
  publisher={SAGE Publications Sage India: New Delhi, India}
}
@article{lustig2011common,
  title={Common risk factors in currency markets},
  author={Lustig, Hanno and Roussanov, Nikolai and Verdelhan, Adrien},
  journal={The Review of Financial Studies},
  volume={24},
  number={11},
  pages={3731--3777},
  year={2011},
  publisher={Society for Financial Studies}
}
@article{taylor1995economics,
  title={The economics of exchange rates},
  author={Taylor, Mark P},
  journal={Journal of Economic literature},
  volume={33},
  number={1},
  pages={13--47},
  year={1995},
  publisher={JSTOR}
}
@book{sarno2003economics,
  title={The economics of exchange rates},
  author={Sarno, Lucio and Taylor, Mark P},
  year={2003},
  publisher={Cambridge University Press}
}
@article{baku2019factor,
  title={Factor investing in currency markets: does it make sense?},
  author={Baku, Elisa and Fortes, Roberta and Herv{\'e}, Karine and Lezmi, Edmond and Malongo, Hassan and Roncalli, Thierry and Xu, Jiali},
  journal={The Journal of Portfolio Management},
  volume={46},
  number={2},
  pages={141--155},
  year={2019},
  publisher={Institutional Investor Journals Umbrella}
}
@article{neely2011technical,
  title={Technical analysis in the foreign exchange market},
  author={Neely, Christopher J and Weller, Paul A},
  journal={Federal Reserve Bank of St. Louis Working Paper No},
  year={2011}
}
@article{taylor1992use,
  title={The use of technical analysis in the foreign exchange market},
  author={Taylor, Mark P and Allen, Helen},
  journal={Journal of international Money and Finance},
  volume={11},
  number={3},
  pages={304--314},
  year={1992},
  publisher={Elsevier}
}
@article{menkhoff2012carry,
  title={Carry trades and global foreign exchange volatility},
  author={Menkhoff, Lukas and Sarno, Lucio and Schmeling, Maik and Schrimpf, Andreas},
  journal={The Journal of Finance},
  volume={67},
  number={2},
  pages={681--718},
  year={2012},
  publisher={Wiley Online Library}
}
@article{chong2009momentum,
  title={Do momentum-based strategies work in emerging currency markets?},
  author={Chong, Terence Tai-Leung and Ip, Hugo Tak-Sang},
  journal={Pacific-Basin Finance Journal},
  volume={17},
  number={4},
  pages={479--493},
  year={2009},
  publisher={Elsevier}
}
@article{tajaddini2012momentum,
  title={Do momentum-based trading strategies work in emerging currency markets?},
  author={Tajaddini, Reza and Crack, Timothy Falcon},
  journal={Journal of International Financial Markets, Institutions and Money},
  volume={22},
  number={3},
  pages={521--537},
  year={2012},
  publisher={Elsevier}
}
@article{zhuang2018improving,
  title={Improving performance of exchange rate momentum strategy using volatility information},
  author={Zhuang, Chunjuan},
  journal={Physica A: Statistical Mechanics and its Applications},
  volume={510},
  pages={741--753},
  year={2018},
  publisher={Elsevier}
}
@article{reinhart2004modern,
  title={The modern history of exchange rate arrangements: a reinterpretation},
  author={Reinhart, Carmen M and Rogoff, Kenneth S},
  journal={the Quarterly Journal of economics},
  volume={119},
  number={1},
  pages={1--48},
  year={2004},
  publisher={MIT Press}
}